<collection xmlns="http://www.loc.gov/MARC21/slim">
<record>
  <leader>01696nam0a2200289 i 450 </leader>
  <controlfield tag="001">IT\ICCU\CNCE\075308</controlfield>
  <controlfield tag="005">20110105000000.0</controlfield>
  <datafield tag="012" ind1=" " ind2=" ">
    <subfield code="a">umis a.u* odim reDe (3) 1565 (R)</subfield>
    <subfield code="2">fei</subfield>
  </datafield>
  <datafield tag="100" ind1=" " ind2=" ">
    <subfield code="a">20100609d1565        0itac0103    ba</subfield>
  </datafield>
  <datafield tag="101" ind1=" " ind2=" ">
    <subfield code="a">LAT</subfield>
  </datafield>
  <datafield tag="102" ind1=" " ind2=" ">
    <subfield code="a">IT</subfield>
  </datafield>
  <datafield tag="200" ind1="1" ind2=" ">
    <subfield code="a">Examen ordinandorum. Ad quaestiones sacrorum ordinum, candidatis proponi consuetas, aptae &amp; piae responsiones, catholicam ueritatem succincta breuitate indicantes. Per reuerend. p.f. Ioan. Ferum, metropolitanae Mogunt. concionatorem &amp;c. Vna etiam ss. canonis missae piae expositio d. Odonis Cameracensis episcopi. Postremae huic aeditioni accessit tabula christianae religionis</subfield>
  </datafield>
  <datafield tag="210" ind1=" " ind2=" ">
    <subfield code="a">Venetiis</subfield>
    <subfield code="c">\Francesco Rampazetto!</subfield>
    <subfield code="e">Venetiis</subfield>
    <subfield code="g">apud Franciscum Rampazettum</subfield>
    <subfield code="h">1565</subfield>
  </datafield>
  <datafield tag="215" ind1=" " ind2=" ">
    <subfield code="a">88 c.</subfield>
    <subfield code="d">16ʻ</subfield>
  </datafield>
  <datafield tag="10" ind1="I" ind2="T">
    <subfield code="I">CCU\CNCE\071338</subfield>
    <subfield code="1">2001 </subfield>
    <subfield code="a">Examen ordinandorum</subfield>
  </datafield>
  <datafield tag="620" ind1=" " ind2=" ">
    <subfield code="a">IT</subfield>
    <subfield code="d">Venezia</subfield>
  </datafield>
  <datafield tag="702" ind1=" " ind2="1">
    <subfield code="a">Wild,</subfield>
    <subfield code="b">Johann</subfield>
    <subfield code="3">IT\ICCU\CNCA\005039</subfield>
  </datafield>
  <datafield tag="702" ind1=" " ind2="0">
    <subfield code="a">Odo</subfield>
    <subfield code="c"> : Cameracensis</subfield>
    <subfield code="3">IT\ICCU\CNCA\005043</subfield>
  </datafield>
  <datafield tag="712" ind1="0" ind2="0">
    <subfield code="a">Rampazetto, Francesco</subfield>
    <subfield code="c"> &lt;1.&gt;</subfield>
    <subfield code="3">IT\ICCU\CNCT\000034</subfield>
    <subfield code="4">650</subfield>
  </datafield>
  <datafield tag="790" ind1=" " ind2="1">
    <subfield code="a">Ferus,</subfield>
    <subfield code="b">Johann</subfield>
    <subfield code="3">IT\ICCU\CNCA\005123</subfield>
    <subfield code="z">Wild, Johann</subfield>
  </datafield>
  <datafield tag="790" ind1=" " ind2="0">
    <subfield code="a">Odon</subfield>
    <subfield code="c"> : de#Cambrai</subfield>
    <subfield code="3">IT\ICCU\CNCA\021787</subfield>
    <subfield code="z">Odo : Cameracensis</subfield>
  </datafield>
  <datafield tag="791" ind1="0" ind2="2">
    <subfield code="a">Rampazzetto Francesco</subfield>
    <subfield code="3">IT\ICCU\CNCT\005286</subfield>
    <subfield code="z">Rampazetto, Francesco &lt;1.&gt;</subfield>
  </datafield>
  <datafield tag="791" ind1="0" ind2="0">
    <subfield code="a">Rampazetus, Franciscus</subfield>
    <subfield code="3">IT\ICCU\CNCT\005287</subfield>
    <subfield code="z">Rampazetto, Francesco &lt;1.&gt;</subfield>
  </datafield>
  <datafield tag="801" ind1=" " ind2="3">
    <subfield code="a">IT</subfield>
    <subfield code="b">ICCU</subfield>
    <subfield code="c">20201115</subfield>
  </datafield>
  <datafield tag="899" ind1=" " ind2=" ">
    <subfield code="a">Biblioteca universitaria Alessandrina. Roma</subfield>
    <subfield code="1">RM0280</subfield>
    <subfield code="2">RML 01</subfield>
  </datafield>
  <datafield tag="911" ind1=" " ind2=" ">
    <subfield code="a">sul front.</subfield>
    <subfield code="9">IT\ICCU\CNCM\000288</subfield>
  </datafield>
  <datafield tag="921" ind1=" " ind2=" ">
    <subfield code="a">IT\ICCU\CNCM\000288</subfield>
    <subfield code="b">Due putti alati sulle nuvole tengono in alto corone di alloro.</subfield>
    <subfield code="e">Et animo et corpori.</subfield>
    <subfield code="c">Z989</subfield>
    <subfield code="d">Dimensioni: 3 x 3,8</subfield>
    <subfield code="f">ALLORO</subfield>
    <subfield code="f">CORONE</subfield>
    <subfield code="f">ETANIMOETC</subfield>
    <subfield code="f">NUVOLE</subfield>
    <subfield code="f">PUTTI</subfield>
    <subfield code="g">1556-1571</subfield>
  </datafield>
</record>
</collection>
